@INPROCEEDINGS{ieee:coalIotReasoningEngine, 
author={Y. Jian-Xin}, 
booktitle={2015 Seventh International Conference on Measuring Technology and Mechatronics Automation}, 
title={The Research and Development of Coal IoT Reasoning Engine Based on XML Model}, 
year={2015}, 
pages={1266-1269}, 
keywords={Internet of Things;XML;coal;inference mechanisms;mining;production engineering computing;Internet of Things;XML language;XML rule model;coal IoT data requirements;coal IoT reasoning engine;coal mine;objects management;research and development;rule management mechanism;unified rule model;Artificial intelligence;Business;Coal mining;Cognition;Engines;Internet;XML;Internet of Things Reasoning XML}, 
doi={10.1109/ICMTMA.2015.308}, 
ISSN={2157-1473}, 
month={June},}

@INPROCEEDINGS{ieee:semanticIoT, 
author={A. Palavalli and D. Karri and S. Pasupuleti}, 
booktitle={2016 IEEE Tenth International Conference on Semantic Computing (ICSC)}, 
title={Semantic Internet of Things}, 
year={2016}, 
pages={91-95}, 
keywords={Internet of Things;cloud computing;data models;home automation;meta data;semantic networks;SDP;cloud infrastructure;data analytics;data management platform;data models;data processing platform;data publishing;data semantics;declarative fact-oriented approach;event manager-data processing-and-analytics engine;fire domain specific business rules;home automation;metadata;semantic Internet of Things;semantic IoT framework;semantic data platform;semantic data service;Biological system modeling;Buildings;Cloud computing;Data models;Ontologies;Semantics;Temperature sensors;Cloud Computing;Fact Oriented Modeling;IoT;ORM;Object Role Modeling;Ontology;Semantic Data Platform}, 
doi={10.1109/ICSC.2016.35}, 
month={Feb},}

@INPROCEEDINGS{7389133, 
author={A. Akbar and F. Carrez and K. Moessner and J. Sancho and J. Rico}, 
booktitle={Internet of Things (WF-IoT), 2015 IEEE 2nd World Forum on}, 
title={Context-aware stream processing for distributed IoT applications}, 
year={2015}, 
pages={663-668}, 
keywords={Internet of Things;pattern clustering;real-time systems;Î¼CEP;CEP rules;ITS;clustering;complex event processing;congestion detection;context-aware stream processing;distributed IoT applications;high-level knowledge extraction;intelligent transportation system;large data streams;lightweight CEP;low processing hardware;optimized threshold values;real-time dynamic IoT environments;Cities and towns;Context;Data mining;Distributed databases;Engines;Real-time systems;Roads;Clustering;Complex event processing;context-aware;intelligent transportation system;internet of things;machine learning;real-time}, 
doi={10.1109/WF-IoT.2015.7389133}, 
month={Dec},}

@ARTICLE{7263375, 
author={A. Al-Fuqaha and A. Khreishah and M. Guizani and A. Rayes and M. Mohammadi}, 
journal={IEEE Communications Magazine}, 
title={Toward better horizontal integration among IoT services}, 
year={2015}, 
volume={53}, 
number={9}, 
pages={72-79}, 
keywords={Internet of Things;internetworking;protocols;quality of service;AMQP protocol;CoAP protocol;DDS protocol;Internet of Things communication;IoT protocol fragmentation issue;IoT service horizontal integration;MQTT protocol;QoS;REST protocol;XMPP protocol;machine-to-machine communication;machine-to-server communication;rule-based intelligent gateway;server-to-server communication;IP networks;Logic gates;Performance evaluation;Protocols;Quality of service;Real-time systems;Wireless sensor networks}, 
doi={10.1109/MCOM.2015.7263375}, 
ISSN={0163-6804}, 
month={September},}

@INPROCEEDINGS{6468323, 
author={M. Thoma and S. Meyer and K. Sperner and S. Meissner and T. Braun}, 
booktitle={Green Computing and Communications (GreenCom), 2012 IEEE International Conference on}, 
title={On IoT-services: Survey, Classification and Enterprise Integration}, 
year={2012}, 
pages={257-260}, 
keywords={Internet of Things;business process re-engineering;service-oriented architecture;Internet of Things;IoT-services;SOA;business process modelling;enterprise integration;service oriented architecture;Business;Conferences;Real-time systems;Service oriented architecture;Temperature sensors;Enterprise integration;Internet of Things;SOA;Services}, 
doi={10.1109/GreenCom.2012.47}, 
month={Nov},}

@INPROCEEDINGS{7100544, 
author={N. Kushwaha and R. Mahule and A. P. Singh and O. P. Vyas and B. Singh}, 
booktitle={Computing for Sustainable Global Development (INDIACom), 2015 2nd International Conference on}, 
title={Integration of service oriented WSN and IoT for E-Commerce}, 
year={2015}, 
pages={1731-1736}, 
keywords={Internet of Things;electronic commerce;service-oriented architecture;wireless sensor networks;Internet of things;IoT;URI;e-commerce;enterprise IT applications;healthy transportation;heterogeneous data;resource description framework;service oriented WSN;wireless sensor networks;Erbium;Yttrium;E-Commerce;Internet of Things;Middleware;Ontology;Resource Description Framework;SPARQL;Service Oriented Architecture;Wireless Sensor Networks}, 
month={March},}

@ARTICLE{7123563, 
author={A. Al-Fuqaha and M. Guizani and M. Mohammadi and M. Aledhari and M. Ayyash}, 
journal={IEEE Communications Surveys Tutorials}, 
title={Internet of Things: A Survey on Enabling Technologies, Protocols, and Applications}, 
year={2015}, 
volume={17}, 
number={4}, 
pages={2347-2376}, 
keywords={Internet of Things;mobile communication;protocols;radiofrequency identification;Internet of Things;Internet protocols;M2M technologies;RFID;big data analytics;cloud computing;communication technologies;fog computing;intelligent decision making;machine-to-machine;smart sensors;Computer architecture;Intelligent sensors;Internet of things;Mobile communication;Radiofrequency identification;AMQP;CoAP;DDS;Internet of Things (IoT);Internet of things;IoT;IoT Gateway;IoT gateway;MQTT;XMPP;mDNS}, 
doi={10.1109/COMST.2015.2444095}, 
ISSN={1553-877X}, 
month={Fourthquarter},}

@INPROCEEDINGS{6614920, 
author={Youngjun Kim and Sanghum Lee and Yongkeun Jeon and Ilyoung Chong and Sang Hong Lee}, 
booktitle={2013 Fifth International Conference on Ubiquitous and Future Networks (ICUFN)}, 
title={Orchestration in distributed web-of-objects for creation of user-centered iot service capability}, 
year={2013}, 
pages={750-755}, 
keywords={Internet of Things;Web services;ontologies (artificial intelligence);IoT service environment;Web service;Web-of-objects platform;WoO platform;device objectification;device profile objectification;distributed Web-of-objects orchestration;object integration;semantic ontology based service orchestration;smart building service;smart home service;user-centered IoT service capability;Computer architecture;Logic gates;Ontologies;Semantics;Sensors;Servers;Web services;Device Objectification;IoT service;Orchestration;Semantic Ontology;User-Centeric;WoO platform}, 
doi={10.1109/ICUFN.2013.6614920}, 
ISSN={2165-8528}, 
month={July},}

@INPROCEEDINGS{7396571, 
author={A. Gyrard and C. Bonnet and K. Boudaoud and M. Serrano}, 
booktitle={2015 IEEE International Conference on Data Science and Data Intensive Systems}, 
title={Assisting IoT Projects and Developers in Designing Interoperable Semantic Web of Things Applications}, 
year={2015}, 
pages={659-666}, 
keywords={Internet of Things;open systems;semantic Web;Internet of Things;IoT developer assistance;IoT project assistance;SWoT generator;cloud-based IoT developers;high-level abstractions;interoperable semantic Web of Things;interoperable semantic-based IoT application templates;mobile application developers;sensor measurements;Cognition;Generators;Internet of things;Interoperability;Ontologies;Semantic Web;Semantics;Internet of Things (IoT) applications;Machine-to-Machine (M2M);Semantic Interoperability;Semantic Sensor Networks (SSN);Semantic Web of Things (SWoT);templates}, 
doi={10.1109/DSDIS.2015.60}, 
month={Dec},}

@INPROCEEDINGS{7389090, 
author={A. Gyrard and M. Serrano and G. A. Atemezing}, 
booktitle={Internet of Things (WF-IoT), 2015 IEEE 2nd World Forum on}, 
title={Semantic web methodologies, best practices and ontology engineering applied to Internet of Things}, 
year={2015}, 
pages={412-417}, 
keywords={Internet of Things;ontologies (artificial intelligence);open systems;semantic Web;FIESTA-IoT EU project;IERC Cluster Semantic Interoperability Best Practices and Recommendations;Internet of Things;ontology engineering;semantic Web;Best practices;Internet of things;Interoperability;Ontologies;Semantic Web;Semantics;Vocabulary;Best Practices;Internet of Things;Methodologies;Ontology Engineering;Semantic Web Technologies;Semantic Web of Things}, 
doi={10.1109/WF-IoT.2015.7389090}, 
month={Dec},}

@INPROCEEDINGS{7300909, 
author={A. Marsico and A. Broglio and M. Vecchio and F. M. Facca}, 
booktitle={Future Internet of Things and Cloud (FiCloud), 2015 3rd International Conference on}, 
title={Learn by Examples How to Link the Internet of Things and the Cloud Computing Paradigms: A Fully Working Proof of Concept}, 
year={2015}, 
pages={806-810}, 
keywords={Internet of Things;Linux;cloud computing;embedded systems;internetworking;microcontrollers;CC paradigm;Internet of Things;IoT gateway;Linux embedded micro-pc;actuation capability;cloud computing paradigm;cloud service;complex event processing;computational requirement;data contextualization;identity management;memory requirement;microcontroller;sensing capability;short-range radio module;smart enterprise scenario;Actuators;Cloud computing;Clouds;Context;Graphical user interfaces;Logic gates;Sensors;Cloud Computing;FIWARE Techologies;Internet of Things;Smart Environments}, 
doi={10.1109/FiCloud.2015.27}, 
month={Aug},}

@book{vermesan2015building,
  title={Building the Hyperconnected Society: Internet of Things Research and Innovation Value Chains, Ecosystems and Markets},
  author={Vermesan, O. and Friess, P.},
  isbn={9788793237995},
  series={River Publishers Series in Communications},
  url={https://books.google.de/books?id=itHVCQAAQBAJ},
  year={2015},
  publisher={River Publishers}
}

@INPROCEEDINGS{7300791, 
author={A. Gyrard and S. K. Datta and C. Bonnet and K. Boudaoud}, 
booktitle={Future Internet of Things and Cloud (FiCloud), 2015 3rd International Conference on}, 
title={Cross-Domain Internet of Things Application Development: M3 Framework and Evaluation}, 
year={2015}, 
pages={9-16}, 
keywords={Internet of Things;computerised instrumentation;semantic Web;IoT;M3 framework;cross-domain Internet of things application development;machine-to-machine measurement framework;semantic Web technologies;sensor data;sensor measurements;Cloud computing;Internet of things;Applications;Internet of Things (IoT);Linked Open Data;Linked Open Rules;Linked Open Vocabularies;Machine-to-Machine (M2M);Semantic Sensor Networks (SSN);Semantic Web of Things (SWoT)}, 
doi={10.1109/FiCloud.2015.10}, 
month={Aug},}

@techreport{icore:achitecture,
	author    = "Stephane Menoret and others",
    title     = {{iCore} - Final architecture reference model},
    institution = "iCore Project",
    year      = "2014",
    number   = "D2.5",
}

@techreport{icore:vod,
	author    = "Matti EtelÃ¤perÃ¤ and Abdur Rahim and Dimitris Kelaiodonis and Vasilis Foteinos and others",
    title     = {{iCore} - Virtual Object Definition and Design Principles},
    institution = "iCore Project",
    year      = "2014",
    number   = "D3.3",
}

@misc{ierc:portfolios,
    author    = "European Research Cluster on the Internet of Things",
    title     = {{IERC} Projects Portfolio},
}

@techreport{iota:d15,
	author    = "Martin Bauer and Mathieu Boussard and Nicola Bui others",
    title     = {{Deliverable D1.5 â Final architectural reference model for the IoT v3.0}},
    institution = "The Internet of Things - Architecture",
    year      = "2013",
    number   = "D1.5",
}

@techreport{iota:d25,
	author    = "Tobias Jacobs and Markus Joos and Carsten Magerkurth and others",
    title     = {{Adaptive, faulttolerant orchestration of distributed IoT service interactions}},
    institution = "The Internet of Things - Architecture",
    year      = "2012",
    number   = "D2.5",
}

@INPROCEEDINGS{6984170, 
author={A. Botta and W. de Donato and V. Persico and A. PescapÃ©}, 
booktitle={Future Internet of Things and Cloud (FiCloud), 2014 International Conference on}, 
title={On the Integration of Cloud Computing and Internet of Things}, 
year={2014}, 
pages={23-30}, 
keywords={Internet of Things;cloud computing;CloudIoT paradigm;Internet of Things;cloud computing;Big data;Cloud computing;Market research;Medical services;Security;Vehicles;Cloud;IoT}, 
doi={10.1109/FiCloud.2014.14}, 
month={Aug},}

@misc{WinNT,
  title = {{IFTTT}},
  howpublished = "http://ifttt.com",
  note = {Accessed: 10.06.2016}
}